<record><leader>00000cas a22000007a 4500</leader><controlfield tag="001">15202252</controlfield><controlfield tag="008">870217d1892189uinuwr ne      0    0eng d</controlfield><datafield ind1=" " ind2=" " tag="010"><subfield code="a">sn 87055403 </subfield></datafield><datafield ind1=" " ind2=" " tag="040"><subfield code="a">NPI</subfield><subfield code="b">eng</subfield><subfield code="c">NPI</subfield><subfield code="d">OCLCQ</subfield><subfield code="d">IUL</subfield><subfield code="d">OCLCF</subfield></datafield><datafield ind1=" " ind2=" " tag="042"><subfield code="a">msc</subfield></datafield><datafield ind1=" " ind2=" " tag="043"><subfield code="a">n-us-in</subfield></datafield><datafield ind1="0" ind2="0" tag="245"><subfield code="a">Covington people's paper.</subfield></datafield><datafield ind1=" " ind2=" " tag="260"><subfield code="a">Covington, Fountain County, Ind. :</subfield><subfield code="b">W.F. Vogt</subfield></datafield><datafield ind1=" " ind2=" " tag="300"><subfield code="a">volumes</subfield></datafield><datafield ind1=" " ind2=" " tag="310"><subfield code="a">Weekly</subfield></datafield><datafield ind1=" " ind2=" " tag="588"><subfield code="a">Description based on: Vol. 18, no. 32 (Aug. 12, 1892).</subfield></datafield><datafield ind1=" " ind2="0" tag="651"><subfield code="a">Covington (Ind.)</subfield><subfield code="v">Newspapers.</subfield></datafield><datafield ind1=" " ind2="0" tag="651"><subfield code="a">Fountain County (Ind.)</subfield><subfield code="v">Newspapers.</subfield></datafield><datafield ind1=" " ind2="7" tag="651"><subfield code="a">Indiana</subfield><subfield code="z">Covington.</subfield><subfield code="2">fast</subfield><subfield code="0">(OCoLC)fst01257071</subfield></datafield><datafield ind1=" " ind2="7" tag="651"><subfield code="a">Indiana</subfield><subfield code="z">Fountain County.</subfield><subfield code="2">fast</subfield><subfield code="0">(OCoLC)fst01210374</subfield></datafield><datafield ind1=" " ind2="7" tag="655"><subfield code="a">Newspapers.</subfield><subfield code="2">fast</subfield><subfield code="0">(OCoLC)fst01423814</subfield></datafield><datafield ind1=" " ind2=" " tag="752"><subfield code="a">United States</subfield><subfield code="b">Indiana</subfield><subfield code="c">Fountain</subfield><subfield code="d">Covington.</subfield></datafield><datafield ind1="0" ind2="0" tag="780"><subfield code="t">Spence's people's paper</subfield><subfield code="w">(DLC)sn 84023899</subfield><subfield code="w">(OCoLC)11059060</subfield></datafield><datafield ind1="0" ind2="0" tag="785"><subfield code="t">Covington Republican</subfield><subfield code="w">(DLC)sn 87055404</subfield><subfield code="w">(OCoLC)15202298</subfield></datafield></record>